%
%  Vzor bibliografické databáze pro automatickou tvorbu seznamu referencí
%  pomocí BibTeXu
%
%  Doporučený software pro správu databáze literatury formátu *.bib:
%    JabRef, http://jabref.sourceforge.net/
%
%  POZOR:
%
%    *  Písmena v názvech publikací, jež je třeba tisknout vždy velká, se musejí psát
%       do složených závorek ({T}hailand, {HIV})
%
%  ===========================================================================

@ARTICLE{BRUCKER1999,
    author = {Peter Brucker and Andreas Drexl and Rolf Möhring and Klaus Neumann and Erwin Pesch},
    title = {Resource-constrained project scheduling: Notation, classification, models, and methods},
    journal = {European Journal of Operational Research},
    volume = {112},
    number = {1},
    pages = {3-41},
    year = {1999},
    issn = {0377-2217},
    doi = {https://doi.org/10.1016/S0377-2217(98)00204-5},
    url = {https://www.sciencedirect.com/science/article/pii/S0377221798002045},
}

@ARTICLE{KOLISCH1997,
    author = {Rainer Kolisch and Arno Sprecher},
    title = {PSPLIB - A project scheduling problem library: OR Software - ORSEP Operations Research Software Exchange Program},
    journal = {European Journal of Operational Research},
    volume = {96},
    number = {1},
    pages = {205-216},
    year = {1997},
    issn = {0377-2217},
    doi = {https://doi.org/10.1016/S0377-2217(96)00170-1},
    url = {https://www.sciencedirect.com/science/article/pii/S0377221796001701},
}

@ARTICLE{GRAHAM1979,
    author = {R.L. Graham and E.L. Lawler and J.K. Lenstra and A.H.G.Rinnooy Kan},
    title = {Optimization and Approximation in Deterministic Sequencing and Scheduling: a Survey},
    editor = {P.L. Hammer and E.L. Johnson and B.H. Korte},
    series = {Annals of Discrete Mathematics},
    publisher = {Elsevier},
    volume = {5},
    pages = {287-326},
    year = {1979},
    booktitle = {Discrete Optimization II},
    issn = {0167-5060},
    doi = {https://doi.org/10.1016/S0167-5060(08)70356-X},
    url = {https://www.sciencedirect.com/science/article/pii/S016750600870356X},
}

@ARTICLE{ADAMS1988,
    author = {Adams, Joseph and Balas, Egon and Zawack, Daniel},
    title = {The Shifting Bottleneck Procedure for job shop scheduling},
    journal = {Manage. Sci.},
    publisher = {Institute for Operations Research and the Management Sciences (INFORMS)},
    volume = {34},
    number = {3},
    pages = {391--401},
    year = {1988},
}

@article{BETTERTON2012,
    author = {C.E. Betterton and S.J. Silver},
    title = {Detecting bottlenecks in serial production lines – a focus on interdeparture time variance},
    journal = {International Journal of Production Research},
    volume = {50},
    number = {15},
    pages = {4158-4174},
    year = {2012},
    publisher = {Taylor \& Francis},
    doi = {10.1080/00207543.2011.596847},
    URL = {https://doi.org/10.1080/00207543.2011.596847},
}

@article{BETTERTON2009,
    author = {Carl E. Betterton and James F. Cox},
    title = {Espoused drum-buffer-rope flow control in serial lines: A comparative study of simulation models},
    journal = {International Journal of Production Economics},
    volume = {117},
    number = {1},
    pages = {66-79},
    year = {2009},
    issn = {0925-5273},
    doi = {https://doi.org/10.1016/j.ijpe.2008.08.050},
    url = {https://www.sciencedirect.com/science/article/pii/S0925527308002909},
}

@ARTICLE{ROSER2001,
  title={A practical bottleneck detection method},
  author={Christoph Roser and Masaru Nakano and Minoru Tanaka},
  journal={Proceeding of the 2001 Winter Simulation Conference (Cat. No.01CH37304)},
  year={2001},
  volume={2},
  pages={949-953 vol.2},
  url={https://api.semanticscholar.org/CorpusID:847462}
}

@ARTICLE{LAWRENCE1994,
    author = {Stephen R. Lawrence and Arnold H. Buss},
    title ={Shifting production bottlenecks: causes, cures, and conundrums},
    journal = {Production and Operations Management},
    volume = {3},
    number = {1},
    pages = {21-37},
    year = {1994},
    doi = {10.1111/j.1937-5956.1994.tb00107.x},
    URL = {https://doi.org/10.1111/j.1937-5956.1994.tb00107.x},
    eprint = {https://doi.org/10.1111/j.1937-5956.1994.tb00107.x},
}

@ARTICLE{KNOP2018,
  author={Knop, Dušan and Koutecký, Martin},
  title={Scheduling meets n-fold integer programming},
  journal={Journal of Scheduling},
  volume={21},
  pages={493--503},
  year={2018},
  publisher={Springer}
}

@ARTICLE{PROT2017,
  author = {Prot,  D. and Bellenguez-Morineau,  O.},
  title = {A survey on how the structure of precedence constraints may change the complexity class of scheduling problems},
  volume = {21},
  ISSN = {1099-1425},
  url = {http://dx.doi.org/10.1007/s10951-017-0519-z},
  DOI = {10.1007/s10951-017-0519-z},
  number = {1},
  journal = {Journal of Scheduling},
  publisher = {Springer Science and Business Media LLC},
  year = {2017},
  month = may,
  pages = {3–16}
}

@ARTICLE{WANG2016,
    author = {Jun-Qiang Wang and Jian Chen and Yingqian Zhang and George Q. Huang},
    title = {Schedule-based execution bottleneck identification in a job shop},
    journal = {Computers \& Industrial Engineering},
    volume = {98},
    pages = {308-322},
    year = {2016},
    issn = {0360-8352},
    doi = {https://doi.org/10.1016/j.cie.2016.05.039},
    url = {https://www.sciencedirect.com/science/article/pii/S0360835216301929},
    keywords = {Job shop scheduling, Bottleneck identification, Execution bottlenecks, Multi-attribute evaluation},
}

@ARTICLE{Bianco2011,
  title = {A new formulation for the project scheduling problem under limited resources},
  volume = {25},
  ISSN = {1936-6590},
  url = {http://dx.doi.org/10.1007/s10696-011-9127-y},
  DOI = {10.1007/s10696-011-9127-y},
  number = {1–2},
  journal = {Flexible Services and Manufacturing Journal},
  publisher = {Springer Science and Business Media LLC},
  author = {Bianco,  Lucio and Caramia,  Massimiliano},
  year = {2011},
  month = nov,
  pages = {6–24}
}

@article{Cheng2015,
  title = {Multi-mode resource-constrained project scheduling problems with non-preemptive activity splitting},
  volume = {53},
  ISSN = {0305-0548},
  url = {http://dx.doi.org/10.1016/j.cor.2014.04.018},
  DOI = {10.1016/j.cor.2014.04.018},
  journal = {Computers \& Operations Research},
  publisher = {Elsevier BV},
  author = {Cheng,  Junzilan and Fowler,  John and Kempf,  Karl and Mason,  Scott},
  year = {2015},
  month = jan,
  pages = {275–287}
}

@article{Elsayed2017,
  title = {Consolidated optimization algorithm for resource-constrained project scheduling problems},
  volume = {418–419},
  ISSN = {0020-0255},
  url = {http://dx.doi.org/10.1016/j.ins.2017.08.023},
  DOI = {10.1016/j.ins.2017.08.023},
  journal = {Information Sciences},
  publisher = {Elsevier BV},
  author = {Elsayed,  Saber and Sarker,  Ruhul and Ray,  Tapabrata and Coello,  Carlos Coello},
  year = {2017},
  month = dec,
  pages = {346–362}
}

@MISC{WEB_PSPLIB,
    author = {Rainer Kolisch},
    title = {The Library {PSBLIB}},
    year = {2020},
    url = {https://www.om-db.wi.tum.de/psplib/},
    urldate = {2024-02-10},
    note = {Archivní kopie dostupná z: \url{https://web.archive.org/web/20240120204343/https://www.om-db.wi.tum.de/psplib/}},
}
